<?xml version="1.0" encoding="UTF-8"?>
<collection xmlns="http://www.loc.gov/MARC21/slim">
 <record>
  <leader>02936cam a2200541Ka 4500</leader>
  <controlfield tag="001">8961075</controlfield>
  <controlfield tag="003">OLE</controlfield>
  <controlfield tag="005">20160829113328.7</controlfield>
  <controlfield tag="006">m     o  d        </controlfield>
  <controlfield tag="007">cr bn||||||abp</controlfield>
  <controlfield tag="007">cr bn||||||ada</controlfield>
  <controlfield tag="008">100630s1989    ilua    ob    001 0 eng d</controlfield>
  <datafield tag="020" ind1=" " ind2=" ">
   <subfield code="z">0918986524</subfield>
  </datafield>
  <datafield tag="020" ind1=" " ind2=" ">
   <subfield code="z">9780918986528</subfield>
  </datafield>
  <datafield tag="035" ind1=" " ind2=" ">
   <subfield code="a">(OCoLC)645304315</subfield>
  </datafield>
  <datafield tag="035" ind1=" " ind2=" ">
   <subfield code="a">8961075</subfield>
  </datafield>
  <datafield tag="040" ind1=" " ind2=" ">
   <subfield code="a">OCLCE</subfield>
   <subfield code="b">eng</subfield>
   <subfield code="c">OCLCE</subfield>
   <subfield code="d">OCLCQ</subfield>
   <subfield code="d">CGU</subfield>
   <subfield code="d">UtOrBLW</subfield>
  </datafield>
  <datafield tag="042" ind1=" " ind2=" ">
   <subfield code="a">dlr</subfield>
  </datafield>
  <datafield tag="043" ind1=" " ind2=" ">
   <subfield code="a">a-cy---</subfield>
  </datafield>
  <datafield tag="049" ind1=" " ind2=" ">
   <subfield code="a">CGUA</subfield>
  </datafield>
  <datafield tag="082" ind1="0" ind2="4">
   <subfield code="a">939/.37</subfield>
   <subfield code="2">20</subfield>
  </datafield>
  <datafield tag="090" ind1=" " ind2=" ">
   <subfield code="a">DS54.95.I3</subfield>
   <subfield code="b">A54 1989</subfield>
  </datafield>
  <datafield tag="111" ind1="2" ind2=" ">
   <subfield code="a">American Expedition to Idalion</subfield>
   <subfield code="d">(1973-1980 :</subfield>
   <subfield code="c">Cyprus)</subfield>
  </datafield>
  <datafield tag="245" ind1="1" ind2="0">
   <subfield code="a">American Expedition to Idalion, Cyprus 1973-1980</subfield>
   <subfield code="h">[electronic resource] /</subfield>
   <subfield code="c">Lawrence E. Stager, Anita M. Walker, project directors and general editors.</subfield>
  </datafield>
  <datafield tag="260" ind1=" " ind2=" ">
   <subfield code="a">Chicago, Ill. :</subfield>
   <subfield code="b">Oriental Institute of the University of Chicago,</subfield>
   <subfield code="c">1989.</subfield>
  </datafield>
  <datafield tag="300" ind1=" " ind2=" ">
   <subfield code="a">xxiv, 516 p. :</subfield>
   <subfield code="b">ill. ;</subfield>
   <subfield code="c">30 cm.</subfield>
  </datafield>
  <datafield tag="490" ind1="1" ind2=" ">
   <subfield code="a">Oriental Institute communications,</subfield>
   <subfield code="x">0146-678X ;</subfield>
   <subfield code="v">no. 24</subfield>
  </datafield>
  <datafield tag="504" ind1=" " ind2=" ">
   <subfield code="a">Includes bibliographical references.</subfield>
  </datafield>
  <datafield tag="506" ind1=" " ind2=" ">
   <subfield code="3">Use copy</subfield>
   <subfield code="f">Restrictions unspecified</subfield>
   <subfield code="2">star</subfield>
   <subfield code="5">MiAaHDL</subfield>
  </datafield>
  <datafield tag="533" ind1=" " ind2=" ">
   <subfield code="a">Electronic reproduction.</subfield>
   <subfield code="b">[S.l.] :</subfield>
   <subfield code="c">HathiTrust Digital Library,</subfield>
   <subfield code="d">2010.</subfield>
   <subfield code="5">MiAaHDL</subfield>
  </datafield>
  <datafield tag="538" ind1=" " ind2=" ">
   <subfield code="a">Master and use copy. Digital master created according to Benchmark for Faithful Digital Reproductions of Monographs and Serials, Version 1. Digital Library Federation, December 2002.</subfield>
   <subfield code="u">http://purl.oclc.org/DLF/benchrepro0212</subfield>
   <subfield code="5">MiAaHDL</subfield>
  </datafield>
  <datafield tag="583" ind1="1" ind2=" ">
   <subfield code="a">digitized</subfield>
   <subfield code="c">2010</subfield>
   <subfield code="h">HathiTrust Digital Library</subfield>
   <subfield code="l">committed to preserve</subfield>
   <subfield code="2">pda</subfield>
   <subfield code="5">MiAaHDL</subfield>
  </datafield>
  <datafield tag="650" ind1=" " ind2="0">
   <subfield code="a">Excavations (Archaeology)</subfield>
   <subfield code="z">Cyprus.</subfield>
  </datafield>
  <datafield tag="651" ind1=" " ind2="0">
   <subfield code="a">Idalion (Extinct city)</subfield>
  </datafield>
  <datafield tag="651" ind1=" " ind2="0">
   <subfield code="a">Cyprus</subfield>
   <subfield code="x">Antiquities.</subfield>
  </datafield>
  <datafield tag="650" ind1=" " ind2="7">
   <subfield code="a">Antiquities.</subfield>
   <subfield code="2">fast</subfield>
   <subfield code="0">http://id.worldcat.org/fast/fst00810745</subfield>
  </datafield>
  <datafield tag="650" ind1=" " ind2="7">
   <subfield code="a">Excavations (Archaeology)</subfield>
   <subfield code="2">fast</subfield>
   <subfield code="0">http://id.worldcat.org/fast/fst00917564</subfield>
  </datafield>
  <datafield tag="651" ind1=" " ind2="7">
   <subfield code="a">Cyprus.</subfield>
   <subfield code="2">fast</subfield>
   <subfield code="0">http://id.worldcat.org/fast/fst01205213</subfield>
  </datafield>
  <datafield tag="651" ind1=" " ind2="7">
   <subfield code="a">Cyprus</subfield>
   <subfield code="z">Idalion (Extinct city)</subfield>
   <subfield code="2">fast</subfield>
   <subfield code="0">http://id.worldcat.org/fast/fst01896907</subfield>
  </datafield>
  <datafield tag="700" ind1="1" ind2=" ">
   <subfield code="a">Stager, Lawrence E.</subfield>
  </datafield>
  <datafield tag="700" ind1="1" ind2=" ">
   <subfield code="a">Walker, Anita M.</subfield>
  </datafield>
  <datafield tag="776" ind1="0" ind2="8">
   <subfield code="i">Print version:</subfield>
   <subfield code="a">American Expedition to Idalion (1973-1980 : Cyprus).</subfield>
   <subfield code="t">American Expedition to Idalion, Cyprus 1973-1980.</subfield>
   <subfield code="d">Chicago, Ill. : Oriental Institute of the University of Chicago, 1989</subfield>
   <subfield code="z">0918986524</subfield>
   <subfield code="w">(DLC) 87060773</subfield>
   <subfield code="w">(OCoLC)20124916</subfield>
  </datafield>
  <datafield tag="830" ind1=" " ind2="0">
   <subfield code="a">Oriental Institute communications ;</subfield>
   <subfield code="v">no. 24.</subfield>
  </datafield>
  <datafield tag="856" ind1="4" ind2="0">
   <subfield code="u">http://bibpurl.oclc.org/web/48182</subfield>
   <subfield code="z">(Click on the icon to the left of 'Terms of Use')</subfield>
  </datafield>
  <datafield tag="856" ind1="4" ind2="0">
   <subfield code="u">http://oi.uchicago.edu/research/pubs/catalog/oic/oic24.html</subfield>
   <subfield code="z">(Click on the icon to the left of 'Terms of Use')</subfield>
  </datafield>
  <datafield tag="903" ind1=" " ind2=" ">
   <subfield code="a">MARS</subfield>
  </datafield>
  <datafield tag="928" ind1=" " ind2=" ">
   <subfield code="u">http://bibpurl.oclc.org/web/48182</subfield>
   <subfield code="p">(Click on the icon to the left of 'Terms of Use')</subfield>
   <subfield code="c">FullText</subfield>
   <subfield code="l">Online</subfield>
   <subfield code="t">LCC</subfield>
   <subfield code="a">DS54.95.I3A54 1989</subfield>
  </datafield>
  <datafield tag="928" ind1=" " ind2=" ">
   <subfield code="u">http://oi.uchicago.edu/research/pubs/catalog/oic/oic24.html</subfield>
   <subfield code="p">(Click on the icon to the left of 'Terms of Use')</subfield>
   <subfield code="c">FullText</subfield>
   <subfield code="l">Online</subfield>
   <subfield code="t">LCC</subfield>
   <subfield code="a">DS54.95.I3A54 1989</subfield>
  </datafield>
 </record>
</collection>
